@inproceedings{8567256,
  author    = {Dandil, Emre and Polattimur, Rukiye},
  booktitle = {2018 2nd International Symposium on Multidisciplinary Studies and Innovative Technologies (ISMSIT)},
  title     = {PCA-Based Animal Classification System},
  year      = {2018},
  volume    = {},
  number    = {},
  pages     = {1-5},
  doi       = {10.1109/ISMSIT.2018.8567256}
}

@misc{Animals112:online,
  author       = {Kaggle},
  title        = {Animals-10},
  howpublished = {https://www.kaggle.com/alessiocorrado99/animals10/metadata},
  month        = {12},
  year         = {2019},
  note         = {(Accessed on 05/15/2021)}
}


@article{turk1991eigenfaces,
  title     = {Eigenfaces for recognition},
  author    = {Turk, Matthew and Pentland, Alex},
  journal   = {Journal of cognitive neuroscience},
  volume    = {3},
  number    = {1},
  pages     = {71--86},
  year      = {1991},
  publisher = {MIT Press}
}
